@misc{mu_poll_2017,
  author       = {Alan Borsuk}, 
  organization = {Marquette University Law School Poll},
  title        = {New Poll Gives Vivid Look Into Polarized Political Perceptions},
  month        = {6},
  year         = {2017},
  url          = "https://law.marquette.edu/poll/2017/06/29/new-poll-gives-vivid-look-into-polarized-political-perceptions/"
}

@article{akey2015,
  author  = {Pat Akey}, 
  title   = {Valuing Changes in Political Networks: Evidence from Campaign Contributions to Close Congressional Elections},
  journal = {The Review of Financial Studies},
  year    = 2015,
  volume  = 28,
  number  = 11,
  pages   = {3188-3223},
  month   = 11,
  note    = {https://doi-org.stanford.idm.oclc.org/10.1093/rfs/hhv035}
}

@article{barber2016a,
  author  = {Michael J. Barber}, 
  title   = {Ideological Donors, Contribution Limits, and the Polarization of American Legislatures},
  journal = {The Journal of Politics},
  year    = 2016,
  volume  = 78,
  number  = 1,
  pages   = {296-310},
  month   = 1,
  note    = {https://doi.org/10.1086/683453}
}

@article{cooper2010,
  author  = {Michael J. Cooper, Huseyin Gulen, Alexei V. Ovtchinnikov}, 
  title   = {Corporate Political Contributions and Stock Returns},
  journal = {The Journal of Finance},
  year    = 2010,
  month   = 3,
  volume  = 65,
  number  = 2,
  pages   = {687-724},
  note    = {https://doi.org/10.1111/j.1540-6261.2009.01548.x}
}

@article{roscoe2005,
  author  = {Douglas D. Roscoe, Shannon Jenkins}, 
  title   = {A Meta-Analysis of Campaign Contributions' Impact on Roll Call Voting},
  journal = {Social Science Quartlery},
  year    = 2005,
  month   = 2,
  volume  = 86,
  number  = 1,
  pages   = {52-68},
  note    = {https://doi.org/10.1111/j.0038-4941.2005.00290.x}
}

@article{garro2020,
  author  = {Anthony Fowler, Haritz Garro, JÃ¶rg L. Spenkuch}, 
  title   = {Quid Pro Quo? Corporate Returns to Campaign Contributions},
  journal = {The Journal of Politics},
  year    = 2020,
  month   = 7,
  volume  = 82,
  number  = 3,
  pages   = {844-858},
  note    = {https://doi.org/10.1086/707307}
}

@article{terry15,
  author  = {Christopher Terry & Mitchell T. Bard}, 
  title   = {An Opening for Quid Pro Quo Corruption: Issue Advertising in Wisconsin Judicial Races before and after Citizens United},
  journal = {Journal of Appellate Practice and Process},
  year    = 2015,
  month   = Fall,
  volume  = 16,
  number  = 2,
  pages   = {305-322},
  note    = 
}

@article{raban2011,
  author  = {Ofer Raban}, 
  title   = {Constitutionalizing Corruption: Citizens United, its Conceptions of political Corruption, and the Implications for Judicial Elections Campaigns},
  journal = {University of San Francisco Law Review},
  year    = 2011,
  month   = Fall,
  volume  = 46,
  number  = 2,
  pages   = {359-382},
  note    = 
}

@article{briffault2011,
  author  = {Richard Briffault}, 
  title   = {Corporations, Corruption, and Complexity: Campaign Finance after Citizens United},
  journal = {Cornell Journal of Law and Public Policy},
  year    = 2011,
  month   = Spring,
  volume  = 20,
  number  = 3,
  pages   = {643-672},
  note    = 
}

@article{melone2010,
  author  = {Matthew A. Melone}, 
  title   = {Citiens United and Corporate Political Speech: Did the Supreme Court Enhance Political Discourse or Invite Corruption},
  journal = {DePaul Law Review},
  year    = 2010,
  month   = Fall,
  volume  = 60,
  number  = 1,
  pages   = {29-98},
  note    = 
}

@article{teachout2011,
  author  = {Zephyr Teachout}, 
  title   = {Facts in Exile: Coruption and Abstraction in Citizens United v. Federal Election Commission},
  journal = {Loyola University Chicago Law Journal},
  year    = 2011,
  month   = Winter,
  volume  = 42,
  number  = 2,
  pages   = {295-326},
  note    = 
}

@article{crowder-meyer2018,
  author  = {Melody Crowder-Meyer, Rosalyn Cooperman}, 
  title   = {Can't Buy Them Love: How Party Culture among Donors Contributes to the Party Gap in Women's Representation},
  journal = {The Journal of Politics},
  year    = 2018,
  month   = 10,
  volume  = 80,
  number  = 4,
  pages   = {1211-1224},
  note    = 
}

@article{stratmann1991,
  author  = {Thomas Stratmann}, 
  title   = {What Do Campaign Contributions Buy? Deciphering Causal Effects of Money and Votes},
  journal = {Southern Economic Journal},
  year    = 1991,
  month   = 1,
  volume  = 57,
  number  = 3,
  pages   = {606-620},
  note    = {10.2307/1059776}
}

@article{bonica2017,
  author  = {Adam Bonica}, 
  title   = {Professional Networks, Early Fundraising, and Electoral Success},
  journal = {Election Law Journal: Rules, Politics, and Policy},
  year    = 2017,
  month   = 3,
  volume  = 16,
  number  = 1,
  pages   = {153-171},
  note    = {http://doi.org/10.1089/elj.2016.0413}
}

@article{bonneau2007,
  author  = {Chris W. Bonneau}, 
  title   = {Campaign Fundraising in State Supreme Court Elections},
  journal = {Social Science Quartlery},
  year    = 2007,
  month   = 3,
  volume  = 88,
  number  = 1,
  pages   = {68-85},
  note    = {https://doi.org/10.1111/j.1540-6237.2007.00447.x}
}

@article{ellis2017,
  author  = {William Curtis Ellis, Joseph T. Ripberger, Colin Swearingen}, 
  title   = {Public Attention and Head-to-Head Campaign Fundraising: An Examination of U.S. Senate Elections},
  journal = {American Review of Politics},
  year    = 2017,
  month   = 5,
  volume  = 36,
  number  = 1,
  pages   = {30-53},
  note    = {https://doi.org/10.1111/j.1540-6237.2007.00447.x}
}

@article{palmer2008,
  author  = {Vernon Valentine Palmer, John Levendis}, 
  title   = {The Louisiana Supreme Court in Question: An Empirical and Statistical Study of the Effects of Money on the Judicial Function},
  journal = {Tulane Law Review},
  year    = 2008,
  month   = 3,
  volume  = 82,
  number  = 4,
  pages   = {1291-1314},
  note    = 
}

@article{bowler2015,
  author  = {Shaun Bowler, Todd Donovan}, 
  title   = {Campaign Money, Congress, and Perceptions of Corruption},
  journal = {American Politics Research},
  year    = 2015,
  month   = 7,
  volume  = 44,
  number  = 2,
  pages   = {272-295},
  note    = {DOI: 10.1177/1532673X15594232}
}

@article{barber2016b,
  author  = {Michael Barber, Daniel M. Butler, Jessica Preece}, 
  title   = {Gender Inequalities in Campaign Finance},
  journal = {Quarterly Journal of Political Science},
  year    = 2016,
  month   = 6,
  volume  = 1,
  number  = 2,
  pages   = {219-248},
  note    = {http://dx.doi.org/10.1561/100.00015126}
}

@article{kitchens2016,
  author  = {Karin E. Kitchens, Michele L. Swers}, 
  title   = {Why Aren't There More Republican Women in Congress? Gender, Partisanship, and Fundraising Support in the 2010 and 2012 Elections},
  journal = {Politics & Gender},
  year    = 2016,
  month   = 12,
  volume  = 12,
  number  = 4,
  pages   = {648-676},
  note    = {doi:10.1017/S1743923X1600009X}
}

@article{thomsen2017,
  author  = {Danielle M. Thomsen, Michele L. Swers}, 
  title   = {Which Women Can Run? Gender, Partisanship, and Candidate Donor Networks},
  journal = {Political Research Quarterly},
  year    = 2017,
  month   = 3,
  volume  = 70,
  number  = 2,
  pages   = {449-463},
  note    = {doi:10.1177/1065912917698044}
}

@article{torres-spelliscy2017,
  author  = {Ciara Torres-Spelliscy}, 
  title   = {Time Suck: How the Fundraising Treadmill Diminishes Effetive Governance},
  journal = {Seton Hall Legislative Journal},
  year    = 2017,
  month   = 12,
  volume  = 42,
  number  = ,
  pages   = ,
  note    = {http://dx.doi.org/10.2139/ssrn.3083740}
}

@article{bramlett2011,
  author  = {Brittany H. Bramlett, James G. Gimpel, Frances E. Lee}, 
  title   = {The Political Ecology of Opinion in Big-Donor Neighborhoods},
  journal = {Political Behavior},
  year    = 2011,
  month   = ,
  volume  = 33,
  number  = ,
  pages   = 565-600,
  note    = {https://doi.org/10.1007/s11109-010-9144-7}
}


@article{ansolabehere2003,
  author  = {Stephen Ansolabehere, John M. de Figueiredo, James M. Snyder Jr.}, 
  title   = {Why is There so Little Money in U.S. Politics},
  journal = {Journal of Economic Perspectives},
  year    = 2003,
  month   = Winter,
  volume  = 17,
  number  = 1,
  pages   = 105-130,
  note    = {www.jstor.org/stable/3216842}
}

@article{barber2016c,
  author  = {Michael J. Barber, Brandice Canes-Wrone, Sharece Thrower}, 
  title   = {Ideologically Sophisticated Donors: Which Candidates Do Individual Contributors Finance},
  journal = {American Journal of Political Science},
  year    = 2016,
  month   = 9,
  volume  = 61,
  number  = 2,
  pages   = 1057-1072,
  note    = {https://doi.org/10.1111/j.1468-2508.2007.00607.x}
}

@article{gordon2007,
  author  = {Sanford C. Gordon, Catherine Hafer, Dimitri Landa}, 
  title   = {Consumption or Investment? On Motivations for Political Giving},
  journal = {The Journal of  Politics},
  year    = 2007,
  month   = 11,
  volume  = 69,
  number  = 4,
  pages   = ,
  note    = {https://doi.org/10.1111/ajps.12275}
}

@article{hill2017,
  author  = {Seth J. Hill, Gregory A. Huber}, 
  title   = {Representativeness and Motivations of the Contemporary Donorate: Results from Merged Survey and Administrative Records},
  journal = {Political Behavior},
  year    = 2017,
  month   = 3,
  volume  = 39,
  number  = ,
  pages   = 3-29,
  note    = {https://doi.org/10.1007/s11109-016-9343-y}
}

@book{francia2003,
  author  = {Peter L. Francia, John C. Green, Paul S. Herrnson, Lynda W. Powell, and Clyde Wilcox}, 
  title   = {The Financiers of Congressional Elections},
  publisher = {Columbia University Press},
  year      = 2003,
  volume    = ,
  series    = ,
  address   = {New York, NY},
  edition   = ,
  month     = ,
  note      = ,
  isbn      = {9780231116190}
}

@article{laurison2016,
  author  = {Daniel Laurison}, 
  title   = {Social Class and Political Engagement in the United States},
  journal = {Sociology Compass},
  year    = 2016,
  month   = 8,
  volume  = 10,
  number  = 9,
  pages   = 684-697,
  note    = {https://doi.org/10.1111/soc4.12390}
}

@book{mccarty2006,
  author  = {Nolan McCarty, Keith T. Poole,  Howard Rosenthal}, 
  title   = {Polarizaed America: The DanceDance of Ideology and Unequal Riches},
  publisher = {MIT Press},
  year = {2006},
  address = {Cambridge, Mass},
  isbn = {9780262134644}
}

@article{harden2016,
  author  = {Jeffrey J. Harden, Justin H. Kirkland}, 
  title   = {Do Campaign Donors Influence Polarization? Evidence from Public Financing in the American States},
  journal = {Legislative Studies Quarterly},
  year    = 2016,
  month   = 2,
  volume  = 41,
  number  = 1,
  pages   = 119-1542,
  note    = {https://doi.org/10.1111/lsq.12108}
}

@article{laraja2011,
  author  = {Raymond J. La Raja, David L. Wiltse}, 
  title   = {Don't Blame Donors for Ideological Polarization of Political Parties: Ideological Change and Stability Among Political Contributors, 1972-2008},
  journal = {American Politics Research},
  year    = 2012,
  month   = 5,
  volume  = 40,
  number  = 3,
  pages   = 501-530,
  note    = {https://doi.org/10.1177/1532673X11429845}
}

@article{keena2019,
  author  = {Alex Keena, Misty Knight-Finley}, 
  title   = {Are Small Donors Polarizing? A Longitudinal Study of the Senate},
  journal = {Election Law Journal: Rules, Politics, and Policy},
  year    = 2019,
  month   = 6,
  volume  = 18,
  number  = 2,
  pages   = 132-144,
  note    = {http://doi.org/10.1089/elj.2018.0498}
}

@article{francia2005,
  author  = {Peter L. Francia, John C. Green, Paul S. Herrnson, Lynda W. Powell, Clyde Wilcox}, 
  title   = {Limousine Liberals and Corporate Conservatives: The Financial Constituencies of the Democratic and Republican Parties},
  journal = {Social Science Quarterly},
  year    = 2005,
  month   = 12,
  volume  = 86,
  number  = 4,
  pages   = 761-778,
  note    = {https://doi.org/10.1111/j.0038-4941.2005.00354.x}
}

@misc{pew2017,
  author       = {Pew Research Center}, 
  title        = {The Partisan Divide on Political Values Grows Even Wider},
  howpublished = {online},
  month        = 10,
  year         = 2017,
  note         = {https://www.pewresearch.org/politics/2017/10/05/the-partisan-divide-on-political-values-grows-even-wider/}
}